<?xml version="1.0" encoding="UTF-8"?>
<collection><record><leader>01193ced a2200325 a 4500</leader><controlfield tag="001">9952690273506421</controlfield><controlfield tag="005">20230125201443.0</controlfield><controlfield tag="007">aj canzn</controlfield><controlfield tag="008">070815s1911    nyu       b     0   eng  </controlfield><datafield tag="035" ind1=" " ind2=" "><subfield code="a">(NjP)5269027-princetondb</subfield></datafield><datafield tag="035" ind1=" " ind2=" "><subfield code="a">(OCoLC)ocn166637659</subfield></datafield><datafield tag="035" ind1=" " ind2=" "><subfield code="z">(NjP)Voyager5269027</subfield></datafield><datafield tag="040" ind1=" " ind2=" "><subfield code="a">NjP</subfield><subfield code="b">eng</subfield><subfield code="c">NjP</subfield></datafield><datafield tag="043" ind1=" " ind2=" "><subfield code="a">n-us-nj</subfield></datafield><datafield tag="110" ind1="2" ind2=" "><subfield code="a">Sanborn Map Company.</subfield><subfield code="0">http://id.loc.gov/authorities/names/n80082435</subfield></datafield><datafield tag="245" ind1="1" ind2="0"><subfield code="a">Leonia</subfield><subfield code="h">[map].</subfield></datafield><datafield tag="255" ind1=" " ind2=" "><subfield code="a">Scales differ.</subfield></datafield><datafield tag="260" ind1=" " ind2=" "><subfield code="a">[New York :</subfield><subfield code="b">Sanborn Map Company,</subfield><subfield code="c">1911]</subfield></datafield><datafield tag="300" ind1=" " ind2=" "><subfield code="a">1 map on 3 sheets :</subfield><subfield code="b">col. ;</subfield><subfield code="c">each 64 x 54 cm.</subfield></datafield><datafield tag="500" ind1=" " ind2=" "><subfield code="a">Includes text.</subfield></datafield><datafield tag="500" ind1=" " ind2=" "><subfield code="a">Sheets 71-73 of Palisades, N.J. series.</subfield></datafield><datafield tag="650" ind1=" " ind2="0"><subfield code="a">Real property</subfield><subfield code="z">New Jersey</subfield><subfield code="z">Leonia</subfield><subfield code="v">Maps.</subfield></datafield><datafield tag="651" ind1=" " ind2="0"><subfield code="a">Leonia (N.J.)</subfield><subfield code="v">Maps.</subfield></datafield><datafield tag="655" ind1=" " ind2="7"><subfield code="a">Fire insurance maps</subfield><subfield code="z">New Jersey</subfield><subfield code="z">Leonia</subfield><subfield code="y">1911.</subfield><subfield code="2">aat</subfield></datafield><datafield tag="655" ind1=" " ind2="7"><subfield code="a">Maps</subfield><subfield code="z">New Jersey</subfield><subfield code="z">Leonia</subfield><subfield code="y">1911.</subfield><subfield code="2">aat</subfield></datafield><datafield tag="655" ind1=" " ind2="7"><subfield code="a">Maps.</subfield><subfield code="2">lcgft</subfield><subfield code="0">http://id.loc.gov/authorities/genreForms/gf2011026387</subfield></datafield><datafield tag="856" ind1="4" ind2="1"><subfield code="u">http://arks.princeton.edu/ark:/88435/st74ct38j</subfield></datafield><datafield tag="902" ind1=" " ind2=" "><subfield code="a">gls</subfield><subfield code="b">o</subfield><subfield code="6">e</subfield><subfield code="7">d</subfield><subfield code="d">v</subfield><subfield code="f">1</subfield><subfield code="e">20070815</subfield></datafield><datafield tag="904" ind1=" " ind2=" "><subfield code="a">gls</subfield><subfield code="b">g</subfield><subfield code="h">n</subfield><subfield code="c">p</subfield><subfield code="e">20070815</subfield></datafield><datafield tag="914" ind1=" " ind2=" "><subfield code="a">(OCoLC)ocn166637659</subfield><subfield code="b">OCoLC</subfield><subfield code="c">match</subfield><subfield code="d">20230125</subfield><subfield code="e">processed</subfield><subfield code="f">166637659</subfield></datafield></record></collection>